@book{hailperin1986boole,
  title={Boole's logic and probability: a critical exposition from the standpoint of contemporary algebra, logic and probability theory},
  author={Hailperin, Theodore},
  year={1986},
  publisher={Elsevier}
}

@book{boole1854investigation,
  title={An investigation of the laws of thought: on which are founded the mathematical theories of logic and probabilities},
  author={Boole, George},
  volume={2},
  year={1854},
  publisher={Walton and Maberly}
}

@book{joe1997multivariate,
  title={Multivariate models and multivariate dependence concepts},
  author={Joe, Harry},
  year={1997},
  publisher={CRC press}
}

@article{lucas1995default,
  title={Default correlation and credit analysis},
  author={Lucas, Douglas J},
  journal={The Journal of Fixed Income},
  volume={4},
  number={4},
  pages={76--87},
  year={1995},
  publisher={Institutional Investor Journals Umbrella}
}

@book{nelsen2007introduction,
  title={An introduction to copulas},
  author={Nelsen, Roger B},
  year={2007},
  publisher={Springer Science \& Business Media}
}

@techreport{vesely1981fault,
  title={Fault tree handbook},
  author={Vesely, William E and Goldberg, Francine F and Roberts, Norman H and Haasl, David F},
  year={1981},
  institution={Nuclear Regulatory Commission Washington DC}
}

@techreport{ferson2015dependence,
  title={Dependence in probabilistic modeling Dempster-Shafer theory and probability bounds analysis},
  author={Ferson, Scott and Nelsen, Roger B and Hajagos, Janos and Berleant, Daniel J and Zhang, Jianzhong and Tucker, W Troy and Ginzburg, Lev R and Oberkampf, William L},
  year={2015},
  institution={Sandia National Lab.(SNL-NM), Albuquerque, NM (United States)}
}

@incollection{ferson2014computing,
  title={Computing with confidence: imprecise posteriors and predictive distributions},
  author={Ferson, Scott and O'Rawe, Jason and Balch, Michael},
  booktitle={Vulnerability, Uncertainty, and Risk: Quantification, Mitigation, and Management},
  pages={895--904},
  year={2014}
}

@book{schweizer2011probabilistic,
  title={Probabilistic metric spaces},
  author={Schweizer, Berthold and Sklar, Abe},
  year={2011},
  publisher={Courier Corporation}
}

@article{durante2010new,
  title={A new characterization of bivariate copulas},
  author={Durante, Fabrizio and Jaworski, Piotr},
  journal={Communications in Statisticsâ€”Theory and Methods},
  volume={39},
  number={16},
  pages={2901--2912},
  year={2010},
  publisher={Taylor \& Francis}
}

@book{klir1987fuzzy,
  title={Fuzzy sets, uncertainty, and information},
  author={Klir, George J and Folger, Tina A},
  year={1987},
  publisher={Prentice-Hall, Inc.}
}

@article{gray2021probabilityboundsanalysis,
  title={ProbabilityBoundsAnalysis.jl: Arithmetic with sets of distributions},
  author={Gray, Ander and Ferson, Scott and Patelli, Edoardo},
  journal={Submitted to the Proceedings of JuliaCon},
  year={2021}
}